@misc{Dua:2019,
    author = "Dua, Dheeru and Graff, Casey",
    year = "2017",
    title = "{UCI} Machine Learning Repository",
    url = {http://archive.ics.uci.edu/ml},
    institution = "University of California, Irvine, School of Information and Computer Sciences"
},

@book{russell_norvig_2016,
    place = {Upper Saddle River},
    title = {Artificial Intelligence: A modern approach},
    publisher = {Pearson},
    author = {Russell, Stuart J. and Norvig, Peter},
    year = {2016},
    chapter = {Artificial neural networks},
    pages = {727--728},
},

@inproceedings{maas2013rectifier,
    title = {Rectifier nonlinearities improve neural network acoustic models},
    author = {Maas, Andrew L and Hannun, Awni Y and Ng, Andrew Y and others},
    volume = {30},
    number = {1},
    pages = {3},
    year = {2013}
},

@book{inteligentni_sistemi_2010,
    place = {Ljubljana},
    title = {Inteligentni Sistemi},
    publisher = {Založba FE in FRI},
    author = {Kononenko, Igor and Šikonja Marko Robnik},
    year = {2010}
},

@misc{genetic_algorithm_wiki_2022,
    title = {Genetic algorithm},
    author = "{Wikipedia contributors}",
    title = "Genetic algorithm --- {Wikipedia}{,} The Free Encyclopedia",
    year = "2023",
    howpublished = "\url{https://en.wikipedia.org/w/index.php?title=Genetic_algorithm&oldid=1170159090}",
    note = "[Online; accessed 15-August-2023]"
},

@inproceedings{he2015delving,
    title = {Delving deep into rectifiers: Surpassing human-level performance on imagenet classification},
    author = {He, Kaiming and Zhang, Xiangyu and Ren, Shaoqing and Sun, Jian},
    booktitle = {Proceedings of the IEEE international conference on computer vision},
    pages = {1026--1034},
    year = {2015}
},

@inproceedings{kassahun2007common,
    title = {A common genetic encoding for both direct and indirect encodings of networks},
    author = {Kassahun, Yohannes and Edgington, Mark and Metzen, Jan Hendrik and Sommer, Gerald and Kirchner, Frank},
    booktitle = {Proceedings of the 9th annual conference on Genetic and evolutionary computation},
    pages = {1029--1036},
    year = {2007}
},

@misc{recurrent_neural_network_wiki,
    author = "{Wikipedia contributors}",
    title = "Recurrent neural network --- {Wikipedia}{,} The Free Encyclopedia",
    year = "2023",
    howpublished = "\url{https://en.wikipedia.org/w/index.php?title=Recurrent_neural_network&oldid=1170439850}",
    note = "[Online; accessed 15-August-2023]"
},

@misc{confusion_matrix_wiki,
    author = "{Wikipedia contributors}",
    title = "Confusion matrix --- {Wikipedia}{,} The Free Encyclopedia",
    year = "2023",
    howpublished = "\url{https://en.wikipedia.org/w/index.php?title=Confusion_matrix&oldid=1148699071}",
    note = "[Online; accessed 15-August-2023]" },

@misc{mcc_wiki,
    author = "{Wikipedia contributors}",
    title = "Phi coefficient --- {Wikipedia}{,} The Free Encyclopedia",
    year = "2023",
    howpublished = "\url{https://en.wikipedia.org/w/index.php?title=Phi_coefficient&oldid=1163723254}",
    note = "[Online; accessed 15-August-2023]"
},

@misc{misc_iris_53,
    author = {Fisher,R. A.},
    title = {{Iris}},
    year = {1988},
    howpublished = {UCI Machine Learning Repository},
    note = {{DOI}: \url{https://doi.org/10.24432/C56C76}}
},

@misc{misc_wine_109,
    author = {Aeberhard,Stefan and Forina,M.},
    title = {{Wine}},
    year = {1991},
    howpublished = {UCI Machine Learning Repository},
    note = {{DOI}: \url{https://doi.org/10.24432/C5PC7J}}
},

@misc{misc_car_evaluation_19,
    author = {Bohanec,Marko},
    title = {{Car Evaluation}},
    year = {1997},
    howpublished = {UCI Machine Learning Repository},
    note = {{DOI}: \url{https://doi.org/10.24432/C5JP48}}
},

@misc{misc_statlog_shuttle_148,
    title = {{Statlog (Shuttle)}},
    howpublished = {UCI Machine Learning Repository},
    note = {{DOI}: \url{https://doi.org/10.24432/C5WS31}}
},

@misc{Vasturiano, title = {Vasturiano/Force-graph: Force-directed graph rendered on Html5 canvas}, url = {https://github.com/vasturiano/force-graph}, journal = {GitHub}, author = {Vasturiano, Vasco} },

@software{Lohmann_JSON_for_Modern_2023,
    author = {Lohmann, Niels},
    license = {MIT},
    month = nov,
    title = {{JSON for Modern C++}},
    url = {https://github.com/nlohmann},
    version = {3.11.3},
    year = {2023}
}

@misc{enwiki:1168408775,
    author = "{Wikipedia contributors}",
    title = "Standard deviation --- {Wikipedia}{,} The Free Encyclopedia",
    year = "2023",
    howpublished = "\url{https://en.wikipedia.org/w/index.php?title=Standard_deviation&oldid=1168408775}",
    note = "[Online; accessed 15-August-2023]"
},

@article{JMLR:demsar13a,
    author = {Janez Dem\v{s}ar and Toma\v{z} Curk and Ale\v{s} Erjavec and \v{C}rt Gorup and
Toma\v{z} Ho\v{c}evar and Mitar Milutinovi\v{c} and Martin Mo\v{z}ina and Matija Polajnar and
Marko Toplak and An\v{z}e Stari\v{c} and Miha \v{S}tajdohar and Lan Umek and
Lan \v{Z}agar and Jure \v{Z}bontar and Marinka \v{Z}itnik and Bla\v{z} Zupan},
    title = {Orange: Data Mining Toolbox in Python},
    journal = {Journal of Machine Learning Research},
    year = {2013},
    volume = {14},
    pages = {2349--2353},
    url = {http://jmlr.org/papers/v14/demsar13a.html}
},

@misc{ enwiki:1196108633,
    author = "{Wikipedia contributors}",
    title = "Sparse matrix --- {Wikipedia}{,} The Free Encyclopedia",
    year = "2024",
    howpublished = "\url{https://en.wikipedia.org/w/index.php?title=Sparse_matrix&oldid=1196108633}",
    note = "[Online; accessed 30-January-2024]"
},

@misc{ enwiki:1179705451,
    author = "{Wikipedia contributors}",
    title = "Neuroevolution of augmenting topologies --- {Wikipedia}{,} The Free Encyclopedia",
    year = "2023",
    howpublished = "\url{https://en.wikipedia.org/w/index.php?title=Neuroevolution_of_augmenting_topologies&oldid=1179705451}",
    note = "[Online; accessed 30-January-2024]"
},

@book{Iba_2018,
    title = {Evolutionary approach to machine learning and deep neural networks: Neuro-Evolution and gene regulatory networks},
    key = {value},
    publisher = {Springer},
    author = {Iba, Hitoshi},
    year = {2018},
    month = {Jun}
},